<?xml version="1.0" encoding="UTF-8"?><collection xmlns="http://www.loc.gov/MARC21/slim"><record><leader>00349nam--2200109-i-4500</leader><controlfield tag="001">000023064</controlfield><controlfield tag="002">20161230</controlfield><controlfield tag="005">20161230201034</controlfield><controlfield tag="008">060222s1000------------r-----000-0-eng-d</controlfield><datafield ind1=" " ind2=" " tag="245"><subfield code="a">Existenta, cunoastere, actiune.dialog si confruntari in filozofia contemporana.coordonator cornel popa</subfield></datafield><datafield ind1=" " ind2=" " tag="260"><subfield code="a">Bucuresti, Editura Stiintifica, 1971. 387p</subfield></datafield><datafield ind1=" " ind2=" " tag="852"><subfield code="a">35044</subfield></datafield></record></collection>